@MISC{WTX,
	Title={Government Data Set},
	howpublished={url{http://acsys.anu.edu.au/}},
	year = {2000}
}

@article{greenwade93,
    author  = "George D. Greenwade",
    title   = "The {C}omprehensive {T}ex {A}rchive {N}etwork ({CTAN})",
    year    = "1993",
    journal = "TUGBoat",
    volume  = "14",
    number  = "3",
    pages   = "342--351"
}
